@electronic{electric_potential_energy,
  author        = "{Khan Academy}",
  title         = "Electric potential energy | Electrostatics | Electrical engineering | Khan Academy",
  howpublished  = "[YouTube video]",
  year          = "2008",
  url           = "https://www.youtube.com/watch?v=elJUghWSVh4",
  note          = "Accessed Sep. 24, 2018",
}