@electronic{infinite_plate_1,
  author        = "{Khan Academy}",
  title         = "Proof: Field from infinite plate (part 1) \mid Electrostatics \mid Electrical engineering \mid Khan Academy", 
  howpublished  = "[YouTube video]",
  year          = "2008",
  url           = "https://www.youtube.com/watch?time_continue=1&v=prLfVucoxpw",
  note          = "Accessed Sep. 24, 2018",
}

@electronic{infinite_plate_2,
  author        = "{Khan Academy}",
  title         = "Proof: Field from infinite plate (part 2) \mid Electrostatics \mid Electrical engineering \mid Khan Academy", 
  howpublished  = "[YouTube video]",
  year          = "2008",
  url           = "https://www.youtube.com/watch?time_continue=657&v=TxwE4_dXo8s",
  note          = "Accessed Sep. 24, 2018",
}

@electronic{electric_potential_energy,
  author        = "{Khan Academy}",
  title         = "Electric potential energy \mid Electrostatics \mid Electrical engineering \mid Khan Academy",
  howpublished  = "[YouTube video]",
  year          = "2008",
  url           = "https://www.youtube.com/watch?v=elJUghWSVh4",
  note          = "Accessed Sep. 24, 2018",
}